@BOOK{levenshtein,
    author = "Левенштейн, В. И.",
    title = "Двоичные коды с исправлением выпадений, вставок и замещений символов",
    publisher = "Доклады АН СССР",
    volume = 163,
    chapter = 4,
    pages = "845--848",
    language = "russian",
    year = 1965
}

@BOOK{kotlin,
    author = "Жемеров Д., Исакова С.",
    title = "Kotlin в действии",
    publisher = "ДМК Пресс",
    volume = 402,
    language = "russian",
    year = 2018
}

@ARTICLE{search,
    title = "ПОИСК СОВПАДЕНИЙ В ТЕКСТАХ ЗАПРОСОВ К БАЗАМ ДАННЫХ С ИСПОЛЬЗОВАНИЕМ РАССТОЯНИЯ ДАМЕРАУ-ЛЕВЕНШТЕЙНА",
    author = "Сапаров Алексей Юрьевич",
    howpublished = "Режим доступа: \url{https://naukaip.ru/wp-content/uploads/2021/03/МК-1036.pdf}",
    journal = "Наука и просвещение",
}

@MISC{dp,
    title = "Динамическое программирование [Электронный ресурс]",
    author = "Петр Калинин",
    year = 2008,
    howpublished = "Режим доступа: \url{https://ejudge.lksh.ru/archive/2012/08/Aprime/texts/05_dynprog.pdf}",
    note = "Дата обращения: 27.09.2021"
}

@MISC{i5,
    title = "Процессор Intel® Core™ i5-3550 [Электронный ресурс]",
    howpublished = "Режим доступа: \url{https://ark.intel.com/content/www/ru/ru/ark/products/97150/intel-core-i57600-processor-6m-cache-up-to-4-10-ghz.html}",
    note = "Дата обращения: 27.09.2021"
}

@MISC{threadMXBean,
    title = "Interface ThreadMXBean [Электронный ресурс]",
    howpublished = "Режим доступа: \url{https://docs.oracle.com/javase/7/docs/api/java/lang/management/ThreadMXBean.html}",
    note = "Дата обращения: 27.09.2021"
}

